%% This BibTeX bibliography file was created using BibDesk.
%% http://bibdesk.sourceforge.net/


%% Created for Anders HÃ¸rsted at 2011-04-26 17:42:30 +0200 


%% Saved with string encoding Unicode (UTF-8) 



@webpage{kaggle_forum_317,
	Author = {Mahmoud Abou-Nasr},
	Date-Added = {2011-04-26 17:41:52 +0200},
	Date-Modified = {2011-04-26 17:42:30 +0200},
	Title = {Kaggle forum: About the parameter},
	Url = {http://www.kaggle.com/c/stayalert/forums/t/317/about-the-parameter/1861#post1861},
	Year = {2011}}

@webpage{kaggle_forum_266,
	Author = {Mahmoud Abou-Nasr},
	Date-Added = {2011-04-26 17:36:26 +0200},
	Date-Modified = {2011-04-26 17:38:33 +0200},
	Title = {Kaggle forum: Discrete or continuous values},
	Url = {http://www.kaggle.com/c/stayalert/forums/t/266/discrete-or-continuous-values/1635#post1635},
	Year = {2011}}

@webpage{kaggle_data,
	Author = {Kaggle.com},
	Date-Added = {2011-04-26 14:25:07 +0200},
	Date-Modified = {2011-04-26 15:29:30 +0200},
	Lastchecked = {26-04-2011},
	Title = {The Ford Challenge Data Files},
	Url = {http://www.kaggle.com/c/stayalert/Data},
	Urldate = {26-04-2011},
	Year = {2011}}

@book{bishop,
	Author = {Christopher M. Bishop},
	Date-Added = {2011-04-26 14:22:20 +0200},
	Date-Modified = {2011-04-26 14:24:08 +0200},
	Publisher = {Springer Science + Business Media LLC},
	Title = {Pattern Recognition and Machine Learning},
	Year = {2006}}
